<?xml version="1.0" encoding="UTF-8"?><record xmlns="http://www.loc.gov/MARC21/slim" xmlns:cinclude="http://apache.org/cocoon/include/1.0" xmlns:zs="http://www.loc.gov/zing/srw/">
  <leader>00403cz  a2200133n  4500</leader>
  <controlfield tag="001">n 2012076234</controlfield>
  <controlfield tag="003">DLC</controlfield>
  <controlfield tag="005">20121212075047.0</controlfield>
  <controlfield tag="008">121211n| acannaabn          |a aaa      </controlfield>
  <datafield tag="010" ind1=" " ind2=" ">
    <subfield code="a">n 2012076234</subfield>
  </datafield>
  <datafield tag="040" ind1=" " ind2=" ">
    <subfield code="a">DLC</subfield>
    <subfield code="b">eng</subfield>
    <subfield code="c">DLC</subfield>
  </datafield>
  <datafield tag="100" ind1="1" ind2=" ">
    <subfield code="a">Nguyễn, Kinh Chi,</subfield>
    <subfield code="d">1899-1986</subfield>
  </datafield>
  <datafield tag="400" ind1="0" ind2=" ">
    <subfield code="a">Nguyễn Kinh Chi,</subfield>
    <subfield code="d">1899-1986</subfield>
  </datafield>
  <datafield tag="670" ind1=" " ind2=" ">
    <subfield code="a">Người Ba-na ở Kon Tum, 2011:</subfield>
    <subfield code="b">t.p. (Nguyễn Kinh Chi) p. 57 (1899-1986)</subfield>
  </datafield>
</record>